@online{britannica,
	author = {Paul R. Josephson and Michael Charles Prestwich and Others},
	title = {Sports and recreation --- Encyclopædia Britannica},
	date = {2019},
	url = {https://www.britannica.com/place/United-Kingdom/Sports-and-recreation},
	language = {English},
	organization = {Encyclopædia Britannica, inc.},
	urldate = {мая 16, 2019},
}
@online{fhist,
	author = {},
	title = {The History Of English Football},
	date = {2006},
	url = {https://web.archive.org/web/20070118222436/http://www.the-english-football-archive.com/football_history.htm},
	language = {English},
	}
@incollection{cricet,
	author = {Горина, И. В. and Саламин, Е. Е.},
	title = {Спортивная игра --- крикет},
	booktitle = { Научно-техническое творчество аспирантов и студентов материалы 45-й научно-технической конференции студентов и аспирантов. ФГБОУ ВПО «КнАГТУ»},
	date = {2015},
	pages = {143-146},
	}
@incollection{football,
	author = {Федорова, Д.Н.},
	title = {Футбол и идентичность в современной Англии},
	booktitle = {Уральский исторический вестник.},
	date = {2011},
	volume = {2 (31)},
	pages = {82-87},
}
